<?xml version="1.0" encoding="UTF-8"?><collection xmlns="http://www.loc.gov/MARC21/slim"><record><leader>00331nam--2200145-i-4500</leader><controlfield tag="001">000014653</controlfield><controlfield tag="002">20161230</controlfield><controlfield tag="005">20161230201030</controlfield><controlfield tag="008">060222s1000------------r-----000-0-eng-d</controlfield><datafield ind1=" " ind2=" " tag="020"><subfield code="a">JUL</subfield></datafield><datafield ind1=" " ind2=" " tag="100"><subfield code="a">Abdel-halim, A</subfield></datafield><datafield ind1=" " ind2=" " tag="245"><subfield code="a">Gyarmati, e</subfield></datafield><datafield ind1=" " ind2=" " tag="260"><subfield code="a">Nikel, H</subfield></datafield><datafield ind1=" " ind2=" " tag="490"><subfield code="a">Julich, Kernforschungsanlage, 1981 106 P</subfield></datafield><datafield ind1=" " ind2=" " tag="653"><subfield code="a">1714</subfield></datafield></record></collection>